---
---
@article{tgb2_gastinger_2024,
    title={TGB 2.0: A Benchmark for Learning on Temporal Knowledge Graphs and Heterogeneous Graphs},
    author={Julia Gastinger and Shenyang Huang and Mikhail Galkin and Erfan Loghmani and Ali Parviz and Farimah Poursafaei and Jacob Danovitch and Emanuele Rossi and Ioannis Koutis and Heiner Stuckenschmidt and Reihaneh Rabbany and Guillaume Rabusseau},
    year={2024},
    journal={Advances in Neural Information Processing Systems},
    volume={37},
    pages={140199-140229},
    abbr={NeurIPS},
    arxiv={2406.09639},
    proceedings={https://proceedings.neurips.cc/paper_files/paper/2024/hash/fda026cf2423a01fcbcf1e1e43ee9a50-Abstract-Datasets_and_Benchmarks_Track.html},
    preview={tgb2.png},
    code={https://github.com/shenyangHuang/TGB},
    website={https://tgb.complexdatalab.com/},
    pubtype={conference},
    bibtex_show={true}
}

@article{malitesta_multimodal_2024,
    title={Do We Really Need to Drop Items with Missing Modalities in Multimodal Recommendation?},
    author={Daniele Malitesta and Emanuele Rossi and Claudio Pomo and Tommaso Di Noia and Fragkiskos D. Malliaros},
    year={2024},
    journal={Proceedings of the 33rd ACM International Conference on Information},
    doi={10.1145/3627673.3679898},
    arXiv={2408.11767},
    proceedings={https://dl.acm.org/doi/10.1145/3627673.3679898},
    abbr={ACM},
    preview={multimodal.png},
    pubtype={conference},
    bibtex_show={true}
}

@article{singh_bayesian_2024,
    title={Bayesian Binary Search},
    author={Vikash Singh and Matthew Khanzadeh and Vincent Davis and Harrison Rush and Emanuele Rossi and Jesse Shrader and Pietro Lio},
    year={2025},
    journal={Algorithms},
    doi={10.3390/a18080452},
    proceedings={https://www.mdpi.com/1999-4893/18/8/452},
    arXiv={2410.01771},
    abbr={Algorithms},
    preview={bayesian.png},
    pubtype={journal},
    bibtex_show={true}
}

@article{kovtun_pinder_2024,
    title={PINDER: The Protein Interaction Dataset and Evaluation Resource},
    author={Daniel Kovtun and Mehmet Akdel and Alexander Goncearenco and Guoqing Zhou and Graham Holt and David Baugher and Dejun Lin and Yusuf Adeshina and Thomas Castiglione and Xiaoyun Wang and Céline Marquet and Matt McPartlon and Tomas Geffner and Gabriele Corso and Hannes Stärk and Zachary Carpenter and Emine Kucukbenli and Michael Bronstein and Luca Naef},
    year={2024},
    journal={bioRxiv},
    abbr={bioRxiv},
    preview={pinder.png},
    biorxiv={2024.07.17.603980v4},
    selected={true},
    code={https://github.com/pinder-org/pinder},
    docs={https://pinder-org.github.io/pinder},
    pubtype={preprint},
    bibtex_show={true}
}

@article{durairaj_plinder_2024,
    title={PLINDER: The Protein-Ligand Interactions Dataset and Evaluation Resource},
    author={Janani Durairaj and Yusuf Adeshina and Zhonglin Cao and Xuejin Zhang and Vladas Oleinikovas and Thomas Duignan and Zachary McClure and Xavier Robin and Danny Kovtun and Emanuele Rossi and Guoqing Zhou and Srimukh Veccham and Clemens Isert and Yuxing Peng and Prabindh Sundareson and Mehmet Akdel and Gabriele Corso and Hannes Stärk and Zachary Carpenter and Michael Bronstein and Emine Kucukbenli and Torsten Schwede and Luca Naef},
    year={2024},
    journal={ICML ML for Life and Material Science Workshop},
    abbr={ICML},
    preview={plinder.png},
    biorxiv={2024.07.17.603980v4},
    selected={true},
    code={https://github.com/plinder-org/plinder},
    dataset={https://console.cloud.google.com/storage/browser/plinder},
    docs={https://plinder-org.github.io/plinder},
    pubtype={workshop},
    bibtex_show={true}
}

@article{huang_utg_2024,
    title={UTG: Towards a Unified View of Snapshot and Event Based Models for Temporal Graphs},
    author={Shenyang Huang and Farimah Poursafaei and Reihaneh Rabbany and Guillaume Rabusseau and Emanuele Rossi},
    year={2024},
    journal={Learning on Graphs Conference (LoG)},
    arXiv={2407.12269},
    proceedings={https://proceedings.mlr.press/v269/huang25a.html},
    abbr={LoG},
    preview={utg.png},
    video={https://www.youtube.com/watch?v=zLfzIIRj5uo},
    pubtype={conference},
    bibtex_show={true}
}

@article{vincent_lightning_2024,
    title={Channel Balance Interpolation in the Lightning Network via Machine Learning},
    author={Vincent Davis and Vikash Singh and Emanuele Rossi},
    year={2025},
    journal={IEEE International Conference on Blockchain and Cryptocurrency (ICBC)},
    proceedings={https://ieeexplore.ieee.org/document/11185091},
    arXiv={2405.12087},
    abbr={ICBC},
    preview={lightning.png},
    pubtype={conference},
    bibtex_show={true}
}

@phdthesis{rossi2024thesis,
    title={Deep Learning on Real-World Graphs},
    author={Emanuele Rossi},
    year={2024},
    school={Imperial College London},
    doi={10.25560/112863},
    proceedings={https://spiral.imperial.ac.uk/entities/publication/dad8da86-7861-4218-98dc-ce29931bf214},
    arXiv={2510.21994},
    abbr={PhD Thesis},
    selected={true},
    pubtype={thesis},
    bibtex_show={true},
    preview={thesis.png}
}

@article{tgb_huang_2023,
    title={Temporal Graph Benchmark for Machine Learning on Temporal Graphs},
    author={
Shenyang Huang and Farimah Poursafaei and Jacob Danovitch and Matthias Fey and Weihua Hu and Emanuele Rossi and Jure Leskovec and Michael M. Bronstein and Guillaume Rabusseau and Reihaneh Rabbany},
    year={2023},
    journal={Advances in Neural Information Processing Systems},
    arXiv={2307.01026},
    proceedings={https://proceedings.neurips.cc/paper_files/paper/2023/hash/066b98e63313162f6562b35962671288-Abstract-Datasets_and_Benchmarks.html},
    abbr={NeurIPS},
    code={https://github.com/shenyangHuang/TGB},
    website={https://tgb.complexdatalab.com/},
    selected={true},
    preview={tgb.png},
    pubtype={conference},
    bibtex_show={true}
}

@article{dirgnn_rossi_2023,
    title={Edge Directionality Improves Learning on Heterophilic Graphs},
    author={Emanuele Rossi and Bertrand Charpentier and Francesco Di Giovanni and Fabrizio Frasca and Stephan Günnemann and Michael M. Bronstein},
    year={2023},
    journal={Learning on Graphs Conference (LoG)},
    arXiv={2305.10498},
    proceedings={https://proceedings.mlr.press/v231/rossi24a.html},
    abbr={LoG},
    code={https://github.com/emalgorithm/directed-graph-neural-network},
    blog={../blog/2023/dirgnn/},
    selected={true},
    preview={dir-gnn.png},
    pubtype={conference},
    bibtex_show={true}
}

@article{chamberlain2022lpsketching,
    title={Graph Neural Networks for Link Prediction with Subgraph Sketching},
    author={Ben Chamberlain and Sergey Shirobokov and Emanuele Rossi and Fabrizio Frasca and Thomas Markovich and Nils Hammerla and Michael M. Bronstein and Max Hansmire},
    year={2022},
    journal={International Conference on Learning Representations (ICLR)},
    arXiv={2209.15486},
    abbr={ICLR},
    proceedings={https://openreview.net/forum?id=m1oqEOAozQU},
    code={https://github.com/melifluos/subgraph-sketching},
    preview={lp.png},
    video={https://www.youtube.com/watch?v=TPqR1xG9wgY},
    pubtype={conference},
    bibtex_show={true}
}

@article{mutti2022causalrl,
    title={Provably Efficient Causal Model-Based Reinforcement Learning for Systematic Generalization},
    author={Mirco Mutti and Riccardo De Santi and Emanuele Rossi and Juan Felipe Calderon and Michael M. Bronstein and Marcello Restelli},
    year={2022},
    journal={Proceedings of the AAAI Conference on Artificial Intelligence},
    doi={10.1609/aaai.v37i8.26109},
    arXiv={2202.06545},
    proceedings={https://ojs.aaai.org/index.php/AAAI/article/view/26109},
    preview={causal_rl.png},
    abbr={AAAI},
    pubtype={conference},
    bibtex_show={true}
}

@article{rossi2022networkgames,
    title={Learning to Infer Structures of Network Games},
    author={Emanuele Rossi and Federico Monti and Yan Leng and Michael M. Bronstein and Xiaowen Dong},
    year={2022},
    journal={Proceedings of the 39th International Conference on Machine Learning,
               {ICML}},
    arXiv={2206.08119},
    abbr={ICML},
    proceedings={https://proceedings.mlr.press/v162/rossi22a.html},
    blog={../blog/2023/network_games/},
    preview={network_games.webp},
    pubtype={conference},
    bibtex_show={true}
}

@article{rossi2021fp,
    title={On the Unreasonable Effectiveness of Feature propagation in Learning on Graphs with Missing Node Features},
    author={Emanuele Rossi and Henry Kenlay and Maria I. Gorinova and Ben Chamberlain and Xiaowen Dong and Michael M. Bronstein},
    year={2022},
    journal={Learning on Graphs Conference (LoG)},
    arXiv={2111.12128},
    proceedings={https://proceedings.mlr.press/v198/rossi22a.html},
    abbr={LoG},
    code={https://github.com/twitter-research/feature-propagation},
    slides={feature_propagation.pdf},
    blog={https://towardsdatascience.com/learning-on-graphs-with-missing-features-dd34be61b06},
    preview={fp.png},
    pubtype={conference},
    bibtex_show={true}
}

@article{chamberlain2021grand,
    title={GRAND: Graph Neural Diffusion},
    author={Ben Chamberlain and James Rowbottom and Maria I. Gorinova and Stefan D. Webb and Emanuele Rossi and Michael M. Bronstein},
    year={2021},
    journal={Proceedings of the 38th International Conference on Machine Learning,
               {ICML}},
    arXiv={2106.10934},
    abbr={ICML},
    proceedings={https://proceedings.mlr.press/v139/chamberlain21a.html},
    code={https://github.com/twitter-research/graph-neural-pde},
    blog={https://blog.twitter.com/engineering/en_us/topics/insights/2021/graph-neural-networks-as-neural-diffusion-pdes},
    preview={grand.png},
    pubtype={conference},
    bibtex_show={true}
}

@article{chamberlain2020word2vec,
    title={Tuning Word2vec for Large Scale Recommendation Systems},
    author={Ben Chamberlain and Emanuele Rossi and Dan Shiebler and Suvash Sedhain and Michael Bronstein},
    year={2020},
    abbr={RecSys},
    journal={RecSys - 14th ACM Conference on Recommender Systems},
    doi={10.1145/3383313.3418486},
    arXiv={2009.12192},
    proceedings={https://dl.acm.org/doi/10.1145/3383313.3418486},
    preview={word2vec.png},
    pubtype={conference},
    bibtex_show={true}
}

@article{rossi2020tgn,
    title={Temporal Graph Networks for Deep Learning on Dynamic Graphs},
    author={Emanuele Rossi and Ben Chamberlain and Fabrizio Frasca and Davide Eynard and Federico Monti and Michael Bronstein},
    year={2020},
    journal={ICML Workshop on Graph Representation Learning},
    arXiv={2006.10637},
    abbr={ICML},
    code={https://github.com/twitter-research/tgn},
    slides={tgn_aisc_2020.pdf},
    blog={https://towardsdatascience.com/temporal-graph-networks-ab8f327f2efe},
    selected={true},
    preview={tgn.png},
    pubtype={workshop},
    bibtex_show={true},
    proceedings={https://icml.cc/virtual/2020/7729}
}

@article{rossi2020sign,
    title={SIGN: Scalable Inception Graph Neural Networks},
    author={Emanuele Rossi and Fabrizio Frasca and Ben Chamberlain and Davide Eynard and Michael Bronstein and Federico Monti},
    year={2020},
    journal={ICML Workshop on Graph Representation Learning},
    arXiv={2004.11198},
    abbr={ICML},
    code={https://pytorch-geometric.readthedocs.io/en/latest/_modules/torch_geometric/transforms/sign.html},
    blog={https://towardsdatascience.com/simple-scalable-graph-neural-networks-7eb04f366d07},
    selected={true},
    preview={sign.png},
    pubtype={workshop},
    bibtex_show={true},
    proceedings={https://icml.cc/virtual/2020/7734}
}

@article{rossi2019ncrna,
    title={ncRNA Classification with Graph Convolutional Networks},
    author={Emanuele Rossi and Federico Monti and Michael Bronstein and Pietro Lio},
    journal={KDD Workshop on Deep Learning on Graphs},
    year={2019},
    arXiv={1905.06515},
    abbr={KDD},
    code={https://github.com/emalgorithm/ncRNA-family-prediction},
    preview={rna.png},
    pubtype={workshop},
    bibtex_show={true},
    proceedings={https://deep-learning-graphs.bitbucket.io/dlg-kdd19/accepted_papers/DLG_2019_paper_17.pdf}
}
